@article{cite-key,
	Author = {Graves, Alex and Wayne, Greg and Reynolds, Malcolm and Harley, Tim and Danihelka, Ivo and Grabska-Barwi{\'n}ska, Agnieszka and Colmenarejo, Sergio G{\'o}mez and Grefenstette, Edward and Ramalho, Tiago and Agapiou, John and Badia, Adri{\`a}Puigdom{\`e}nech and Hermann, Karl Moritz and Zwols, Yori and Ostrovski, Georg and Cain, Adam and King, Helen and Summerfield, Christopher and Blunsom, Phil and Kavukcuoglu, Koray and Hassabis, Demis},
	Journal = {Nature},
	Month = {10},
	Number = {7626},
	Pages = {471--476},
	Title = {Hybrid computing using a neural network with dynamic external memory},
	Volume = {538},
	Year = {2016}
}
@article{DBLP:journals/corr/GravesWD14,
  author    = {Alex Graves and
               Greg Wayne and
               Ivo Danihelka},
  title     = {Neural Turing Machines},
  journal   = {CoRR},
  volume    = {abs/1410.5401},
  year      = {2014},
  url       = {http://arxiv.org/abs/1410.5401},
  timestamp = {Sun, 02 Nov 2014 11:25:59 +0100},
  biburl    = {http://dblp.uni-trier.de/rec/bib/journals/corr/GravesWD14},
  bibsource = {dblp computer science bibliography, http://dblp.org}
}
@article{DBLP:journals/corr/ZarembaS15,
  author    = {Wojciech Zaremba and
               Ilya Sutskever},
  title     = {Reinforcement Learning Neural Turing Machines},
  journal   = {CoRR},
  volume    = {abs/1505.00521},
  year      = {2015},
  url       = {http://arxiv.org/abs/1505.00521},
  timestamp = {Mon, 01 Jun 2015 14:13:54 +0200},
  biburl    = {http://dblp.uni-trier.de/rec/bib/journals/corr/ZarembaS15},
  bibsource = {dblp computer science bibliography, http://dblp.org}
}
@article{DBLP:journals/corr/HermannKGEKSB15,
  author    = {Karl Moritz Hermann and
               Tom{\'{a}}s Kocisk{\'{y}} and
               Edward Grefenstette and
               Lasse Espeholt and
               Will Kay and
               Mustafa Suleyman and
               Phil Blunsom},
  title     = {Teaching Machines to Read and Comprehend},
  journal   = {CoRR},
  volume    = {abs/1506.03340},
  year      = {2015},
  url       = {http://arxiv.org/abs/1506.03340},
  timestamp = {Wed, 01 Jul 2015 15:10:24 +0200},
  biburl    = {http://dblp.uni-trier.de/rec/bib/journals/corr/HermannKGEKSB15},
  bibsource = {dblp computer science bibliography, http://dblp.org}
}
@article{Hochreiter:1997:LSM:1246443.1246450,
 author = {Hochreiter, Sepp and Schmidhuber, J\"{u}rgen},
 title = {Long Short-Term Memory},
 journal = {Neural Comput.},
 issue_date = {November 15, 1997},
 volume = {9},
 number = {8},
 month = nov,
 year = {1997},
 issn = {0899-7667},
 pages = {1735--1780},
 numpages = {46},
 url = {http://dx.doi.org/10.1162/neco.1997.9.8.1735},
 doi = {10.1162/neco.1997.9.8.1735},
 acmid = {1246450},
 publisher = {MIT Press},
 address = {Cambridge, MA, USA},
}
@article{DBLP:journals/corr/YogatamaFDS14,
  author    = {Dani Yogatama and
               Manaal Faruqui and
               Chris Dyer and
               Noah A. Smith},
  title     = {Learning Word Representations with Hierarchical Sparse Coding},
  journal   = {CoRR},
  volume    = {abs/1406.2035},
  year      = {2014},
  url       = {http://arxiv.org/abs/1406.2035},
  timestamp = {Tue, 01 Jul 2014 11:58:08 +0200},
  biburl    = {http://dblp.uni-trier.de/rec/bib/journals/corr/YogatamaFDS14},
  bibsource = {dblp computer science bibliography, http://dblp.org}
}
